@ARTICLE{Quisque,
  author	= {Lorem Quisque},
  title		= {Praesent iaculis},
  publisher	= {efficitur enim},
  year		= {2004},
  journal	= {http://www.lipsum.com/},
  pages		= {},
  number	= {},
}
@BOOK{Nulla,
  author	= {Nulla Fringilla},
  title		= {Duis elementum},
  publisher	= {Suspendisse nec},
  year		= {2003},
}